@book{adams1995hitchhiker,
  title={The Hitchhiker's Guide to the Galaxy},
  author={Adams, D.},
  isbn={9781417642595},
  url={http://books.google.com/books?id=W-xMPgAACAAJ},
  year={1995},
  publisher={San Val}
}

@book{algorithms,
    title={Introduction to Algorithms},
    author={Thomas Cormen, Charles Leiserson, Ronald Rivest, Clifford Stein},
    isbn={0262033844},
    url={https://books.google.com/books/about/Introduction_to_Algorithms_3rd_Edition.html?id=0BoNBQAAQBAJ},
    series={MIT Press},
    year={2009},
    publisher={The MIT Press}
}

@book{elephant,
    title={Elephantina's Dream},
    author={X.J. Kennedy, Graham Percy},
    isbn={9780399234286},
    url={https://books.google.com/books/about/Elefantina_s_dream.html?id=gixaAAAAYAAJ},
    year={2002},
    publisher={Penguin Young Readers Group}
}

@book{eaters,
    title={The Seven Silly Eaters},
    author={Mary Ann Hoberman},
    isbn={9780152024406},
    url={https://books.google.com/books/about/The_Seven_Silly_Eaters.html?id=XTPaWiIkYzQC},
    year={2000},
    publisher={Houghton Mifflin Harcourt}
}
